@misc{BibEntry2005Nov1,
	title = {{3.9. Закон возрастания энтропии | Физическая термодинамика | МГТУ им. Н.Э. Баумана. Кафедра физики}},
	year = {2005},
	month = nov,
	date = {2005-11-17},
	urldate = {2025-06-18},
	url = {http://fn.bmstu.ru/data-physics/library/physbook/tom2/ch3/texthtml/ch3_9.htm}
}

@misc{BibEntry2005Nov2,
	title = {{3.7. Неравенство Клаузиуса | Физическая термодинамика | МГТУ им. Н.Э. Баумана. Кафедра физики}},
	year = {2005},
	month = nov,
	date = {2005-11-17},
	urldate = {2025-06-18},
	url = {http://fn.bmstu.ru/data-physics/library/physbook/tom2/ch3/texthtml/ch3_7.htm}
}

@misc{Aviaki2025Jun,
	author = {Aviaki},
	title = {{Сердце реактивного самолета: Как устроен и работает турбореактивный двигатель}},
	journal = {Дзен | Статьи},
	year = {2025},
	month = jun,
	date = {2025-06-18},
	urldate = {2025-06-18},
	language = {russian},
	hyphenation = {russian},
	url = {https://dzen.ru/a/Z4u6g2frv2sfr803},
	abstract = {{Статья автора «Aviaki» в Дзене ✍: Турбореактивный двигатель — это чудо инженерной мысли, которое позволило нам покорять небо на невероятных скоростях.}}
}

@misc{BibEntry2025Jun3,
	title = {{П6. Прямоточный воздушно-реактивный двигатель (ПВРД)}},
	journal = {StudFiles},
	year = {2025},
	month = jun,
	date = {2025-06-18},
	urldate = {2025-06-18},
	url = {https://studfile.net/preview/7524987/page:22},
	keywords = {Конспект, лекций, Прямоточный, воздушно-реактивный, двигатель, ПВРД, скачать, бесплатно, курсовик, диплом, реферат, лаборатрная, методичка},
	abstract = {{Работа по теме: Конспект лекций. Глава: П6. Прямоточный воздушно-реактивный двигатель (ПВРД). Предмет: Тепломассообмен. ВУЗ: НИУ МЭИ.}}
}

@misc{BibEntry2025Jun,
	title = {{4.2. Вывод распределения Максвелла}},
	journal = {StudFiles},
	year = {2025},
	month = jun,
	date = {2025-06-19},
	urldate = {2025-06-19},
	url = {https://studfile.net/preview/4574654/page:15},
	keywords = {курс, лекций, Ольги, Москвич, Вывод, распределения, Максвелла, скачать, бесплатно, курсовик, диплом, реферат, лаборатрная, методичка},
	abstract = {{Работа по теме: курс лекций Ольги Москвич. Глава: 4.2. Вывод распределения Максвелла. ВУЗ: ИИФиРЭ СФУ.}}
}